@MISC{tutorialspoint,
    HOWPUBLISHED = "\url{https://www.tutorialspoint.com/cprogramming/index.htm}",
    TITLE = "C Programming tutorial",
    NOTE = "Accessed on 2019-08-06"
}

@MISC{stackexchange2,
    HOWPUBLISHED = "\url{https://www.geeksforgeeks.org/c-programming-language/}",
    TITLE = "C Programming language - geeksforgeeks",
    NOTE = "Accessed on 2019-08-06"
}
